@inproceedings{nakano2000modality,
  title={A modality for recursion},
  author={Nakano, Hiroshi},
  booktitle={Proceedings Fifteenth Annual IEEE Symposium on Logic in Computer Science (Cat. No. 99CB36332)},
  pages={255--266},
  year={2000},
  organization={IEEE}
}

@inproceedings{nakano2001fixed,
  title={Fixed-point logic with the approximation modality and its Kripke completeness},
  author={Nakano, Hiroshi},
  booktitle={International Symposium on Theoretical Aspects of Computer Software},
  pages={165--182},
  year={2001},
  organization={Springer}
}

@article{mcbride2008applicative,
  title={Applicative programming with effects},
  author={McBride, Conor and Paterson, Ross},
  journal={Journal of functional programming},
  volume={18},
  number={1},
  pages={1--13},
  year={2008},
  publisher={Cambridge University Press}
}

@inproceedings{bird2013understanding,
  title={Understanding idiomatic traversals backwards and forwards},
  author={Bird, Richard and Gibbons, Jeremy and Mehner, Stefan and Voigtl{\"a}nder, Janis and Schrijvers, Tom},
  booktitle={Proceedings of the 2013 ACM SIGPLAN symposium on Haskell},
  pages={25--36},
  year={2013}
}

@article{jaskelioff2015representation,
  title={A representation theorem for second-order functionals},
  author={Jaskelioff, Mauro and O'connor, Russell},
  journal={Journal of functional programming},
  volume={25},
  year={2015},
  publisher={Cambridge University Press}
}

@article{gibbons2009essence,
  title={The essence of the iterator pattern},
  author={Gibbons, Jeremy and Oliveira, Bruno C d S},
  journal={Journal of functional programming},
  volume={19},
  number={3-4},
  pages={377--402},
  year={2009},
  publisher={Cambridge University Press}
}

@article{atkey2013productive,
  title={Productive coprogramming with guarded recursion},
  author={Atkey, Robert and McBride, Conor},
  journal={ACM SIGPLAN Notices},
  volume={48},
  number={9},
  pages={197--208},
  year={2013},
  publisher={ACM New York, NY, USA}
}

@article{jaskelioff2012investigation,
  title={An investigation of the laws of traversals},
  author={Jaskelioff, Mauro and Rypacek, Ondrej},
  journal={arXiv preprint arXiv:1202.2919},
  year={2012}
}

@inproceedings{ahman2014update,
  title={Update monads: cointerpreting directed containers},
  author={Ahman, Danel and Uustalu, Tarmo},
  booktitle={Proc. of 19th Int. Conf. on Types for Proofs and Programs, TYPES},
  volume={13},
  pages={1--23},
  year={2014}
}

@article{pirog2013monads,
  title={Monads for behaviour},
  author={Pir{\'o}g, Maciej and Gibbons, Jeremy},
  journal={Electronic Notes in Theoretical Computer Science},
  volume={298},
  pages={309--324},
  year={2013},
  publisher={Elsevier}
}

@inproceedings{birkedal2011first,
  title={First steps in synthetic guarded domain theory: step-indexing in the topos of trees},
  author={Birkedal, Lars and Mogelberg, Rasmus Ejlers and Schwinghammer, Jan and Stovring, Kristian},
  booktitle={2011 IEEE 26th Annual Symposium on Logic in Computer Science},
  pages={55--64},
  year={2011},
  organization={IEEE}
}


@article{birkedal2017guarded,
  title={The guarded lambda-calculus: Programming and reasoning with guarded recursion for coinductive types},
  author={Birkedal, Lars and Grathwohl, Hans Bugge and Bizjak, Ale{\v{s}} and Clouston, Ranald},
  journal={Logical Methods in Computer Science},
  volume={12},
  year={2017},
  publisher={Episciences. org}
}

@inproceedings{guatto:2018,
  author = {Guatto, Adrien},
  booktitle = {Proceedings of the 33rd Annual {ACM/IEEE} Symposium on Logic in Computer Science, {LICS} 2018, Oxford, UK, July 09-12, 2018},
  year = {2018},
  doi = {10.1145/3209108.3209148},
  pages = {482--491},
  title = {A Generalized Modality for Recursion},
}

@phdthesis{paviotti:2016,
  author = {Paviotti, Marco},
  language = {English},
  address = {Denmark},
  school = {IT-Universitetet i K{\o{}}benhavn},
  year = {2016},
  isbn = {978-87-7949-345-2},
  series = {ITU-DS},
  title = {Denotational semantics in Synthetic Guarded Domain Theory},
}

@inproceedings{mogelberg-paviotti:2016,
  author = {M\o{}gelberg, Rasmus Ejlers and Paviotti, Marco},
  address = {New York, NY, USA},
  publisher = {Association for Computing Machinery},
  booktitle = {Proceedings of the 31st Annual ACM/IEEE Symposium on Logic in Computer Science},
  year = {2016},
  doi = {10.1145/2933575.2934516},
  isbn = {978-1-4503-4391-6},
  pages = {317--326},
  title = {Denotational Semantics of Recursive Types in Synthetic Guarded Domain Theory},
}

@inproceedings{gratzer-birkedal:2022,
  author = {Gratzer, Daniel and Birkedal, Lars},
  editor = {Felty, Amy},
  address = {Dagstuhl, Germany},
  publisher = {Schloss Dagstuhl--Leibniz-Zentrum fuer Informatik},
  url = {https://jozefg.github.io/papers/a-stratified-approach-to-lob-induction.pdf},
  booktitle = {7th International Conference on Formal Structures for Computation and Deduction (FSCD 2022)},
  year = {2022},
  month = aug,
  doi = {10.4230/LIPIcs.FSCD.2022.3},
  series = {Leibniz International Proceedings in Informatics (LIPIcs)},
  title = {A Stratified Approach to {L\"{o}b} Induction},
  volume = {228},
}

@article{mogelberg-veltri:2019,
  author = {M\o{}gelberg, Rasmus Ejlers and Veltri, Niccol\`{o}},
  address = {New York, NY, USA},
  publisher = acm,
  year = {2019},
  month = jan,
  doi = {10.1145/3290317},
  journal = {Proceedings of the ACM on Programming Languages},
  number = {POPL},
  title = {Bisimulation as Path Type for Guarded Recursive Types},
  volume = {3},
}

@inproceedings{veltri-vezzosi:2020,
  author = {Veltri, Niccol\`{o} and Vezzosi, Andrea},
  address = {New Orleans, LA, USA},
  publisher = {Association for Computing Machinery},
  booktitle = {Proceedings of the 9th ACM SIGPLAN International Conference on Certified Programs and Proofs},
  year = {2020},
  doi = {10.1145/3372885.3373814},
  isbn = {978-1-4503-7097-4},
  keywords = {ticked cubical type theory,denotational semantics,guarded recursion,pi-calculus},
  pages = {270--283},
  title = {Formalizing $\pi$-Calculus in {Guarded Cubical Agda}},
}

@inproceedings{sterling-harper:2018,
 author = {Sterling, Jonathan and Harper, Robert},
 title = {Guarded Computational Type Theory},
 booktitle = {Proceedings of the 33rd Annual ACM/IEEE Symposium on Logic in Computer Science},
 series = {LICS '18},
 year = {2018},
 isbn = {978-1-4503-5583-4},
 location = {Oxford, United Kingdom},
 pages = {879--888},
 numpages = {10},
 url = {http://doi.acm.org/10.1145/3209108.3209153},
 doi = {10.1145/3209108.3209153},
 acmid = {3209153},
 publisher = {ACM},
 address = {New York, NY, USA},
 keywords = {clocks, dependent types, guarded recursion, operational semantics, type theory},
}

@article{paviotti-mogelberg-birkedal:2015,
  author = {Paviotti, Marco and M\o{}gelberg, Rasmus Ejlers and Birkedal, Lars},
  year = {2015},
  doi = {10.1016/j.entcs.2015.12.020},
  issn = {1571-0661},
  journal = {Electronic Notes in Theoretical Computer Science},
  keywords = {Denotational semantics,guarded recursion,type theory,PCF,synthetic domain theory},
  note = {The 31st Conference on the Mathematical Foundations of Programming Semantics (MFPS XXXI)},
  number = {Supplement C},
  pages = {333--349},
  title = {A Model of {PCF} in {Guarded Type Theory}},
  volume = {319},
}

@article{bbcgsv:2019,
  author = {Birkedal, Lars and Bizjak, Ale\v{s} and Clouston, Ranald and Grathwohl, Hans Bugge and Spitters, Bas and Vezzosi, Andrea},
  year = {2019},
  doi = {10.1007/s10817-018-9471-7},
  journal = {Journal of Automated Reasoning},
  number = {2},
  pages = {211--253},
  title = {Guarded Cubical Type Theory},
  volume = {63},
}

@article{bizjak2020denotational,
  title={Denotational semantics for guarded dependent type theory},
  author={Bizjak, Ale{\v{s}} and M{\o}gelberg, Rasmus Ejlers},
  journal={Mathematical Structures in Computer Science},
  volume={30},
  number={4},
  pages={342--378},
  year={2020},
  publisher={Cambridge University Press}
}

@unpublished{palombi-sterling:2022,
  author = {Palombi, Daniele and Sterling, Jonathan},
  url = {https://www.jonmsterling.com/papers/palombi-sterling:2022.pdf},
  year = {2022},
  month = mar,
  note = {Unpublished manuscript},
  title = {Classifying topoi in synthetic guarded domain theory},
}



@article{hermida_reddy_robinson_santamaria_2022, title={Bisimulation as a logical relation}, DOI={10.1017/S0960129522000020}, journal={Mathematical Structures in Computer Science}, publisher={Cambridge University Press}, author={Hermida, Claudio and Reddy, Uday and Robinson, Edmund and Santamaria, Alessio}, year={2022}, pages={1–30}}

@article{hur2012marriage,
  title={The marriage of bisimulations and Kripke logical relations},
  author={Hur, Chung-Kil and Dreyer, Derek and Neis, Georg and Vafeiadis, Viktor},
  journal={ACM SIGPLAN Notices},
  volume={47},
  number={1},
  pages={59--72},
  year={2012},
  publisher={ACM New York, NY, USA}
}

@article{kavvos2017intensionality,
  title={Intensionality, Intensional Recursion, and the Gödel-Löb axiom},
  author={Kavvos, GA},
  journal={arXiv preprint arXiv:1703.01288},
  year={2017}
}

@inproceedings{kavvos2017semantics,
  title={On the semantics of intensionality},
  author={Kavvos, GA},
  booktitle={International Conference on Foundations of Software Science and Computation Structures},
  pages={550--566},
  year={2017},
  organization={Springer}
}

@inproceedings{chen-ko:2022,
  author = {Chen, Liang-Ting and Ko, Hsiang-Shang},
  editor = {Manea, Florin and Simpson, Alex},
  address = {Dagstuhl, Germany},
  publisher = {Schloss Dagstuhl -- Leibniz-Zentrum f\"{u}r Informatik},
  booktitle = {30th EACSL Annual Conference on Computer Science Logic (CSL 2022)},
  year = {2022},
  doi = {10.4230/LIPIcs.CSL.2022.14},
  isbn = {978-3-95977-218-1},
  issn = {1868-8969},
  pages = {14:1--14:17},
  series = {Leibniz International Proceedings in Informatics (LIPIcs)},
  title = {{Realising Intensional S4 and GL Modalities}},
  volume = {216},
}

@article{capretta2005general,
  title={General recursion via coinductive types},
  author={Capretta, Venanzio},
  journal={Logical Methods in Computer Science},
  volume={1},
  year={2005},
  publisher={Episciences. org}
}

@article{chapman2019quotienting,
  title={Quotienting the delay monad by weak bisimilarity},
  author={Chapman, James and Uustalu, Tarmo and Veltri, Niccol{\`o}},
  journal={Mathematical Structures in Computer Science},
  volume={29},
  number={1},
  pages={67--92},
  year={2019},
  publisher={Cambridge University Press}
}
@inproceedings{uustalu2017delay,
  title={The delay monad and restriction categories},
  author={Uustalu, Tarmo and Veltri, Niccol{\`o}},
  booktitle={International Colloquium on Theoretical Aspects of Computing},
  pages={32--50},
  year={2017},
  organization={Springer}
}


@inproceedings{altenkirch2017partiality,
  title={Partiality, revisited},
  author={Altenkirch, Thorsten and Danielsson, Nils Anders and Kraus, Nicolai},
  booktitle={International Conference on Foundations of Software Science and Computation Structures},
  pages={534--549},
  year={2017},
  organization={Springer}
}

@InProceedings{induction-with-effects,
  title = {Fibrational Induction Meets Effects},
  author = {Robert Atkey and Neil Ghani and Bart Jacobs and Patricia Johann},
  year = {2012},
  doi = {10.1007/978-3-642-28729-9_3},
  booktitle = {Foundations of Software Science and Computational Structures},
  series = {Lecture Notes in Computer Science},
  editor = {Lars Birkedal},
  publisher = {Springer},
  pages = {42-57},
  volume = {7213}}

@Article{interleaving,
  title = {Interleaving data and effects},
  author = {Robert Atkey and Patricia Johann},
  year = {2015},
  doi = {10.1017/S0956796815000209},
  journal = {Journal of Functional Programming},
  volume = {25}}
  
  @article{spivak2022reference,
  title={A reference for categorical structures on Poly},
  author={Spivak, David I},
  journal={arXiv preprint arXiv:2202.00534},
  year={2022}
}

@article{danielsson2006fast,
  title={Fast and loose reasoning is morally correct},
  author={Danielsson, Nils Anders and Hughes, John and Jansson, Patrik and Gibbons, Jeremy},
  journal={ACM SIGPLAN Notices},
  volume={41},
  number={1},
  pages={206--217},
  year={2006},
  publisher={ACM New York, NY, USA}
}

#incollection{vickers1993geometric,
  title={Geometric logic in computer science},
  author={Vickers, Steve},
  booktitle={Theory and Formal Methods 1993},
  pages={37--54},
  year={1993},
  publisher={Springer}
}
#inproceedings{escardo2007infinite,
  title={Infinite sets that admit fast exhaustive search},
  author={Escard{\'o}, Mart{\'\i}n},
  booktitle={22nd Annual IEEE Symposium on Logic in Computer Science (LICS 2007)},
  pages={443--452},
  year={2007},
  organization={IEEE}
}

